@BOOK{DistributedOptimizationSmartCyberPhysicalNetworks,
  author={Notarstefano, Giuseppe and Notarnicola, Ivano and Camisa, Andrea},
  title={Distributed Optimization for Smart Cyber-Physical Networks},
  year={2019},
  volume={},
  number={},
  pages={},
  keywords={},
  doi={10.1561/2600000020}
}


@article{Carnevale2021DistributedOA,
  title={Distributed Online Aggregative Optimization for Dynamic Multirobot Coordination},
  author={Guido Carnevale and Andrea Camisa and Giuseppe Notarstefano},
  journal={IEEE Transactions on Automatic Control},
  year={2021},
  volume={68},
  pages={3736-3743},
  url={https://api.semanticscholar.org/CorpusID:233307065}
}

@misc{carnevale2025unifyingtheoryframeworkdistributed,
      title={A Unifying System Theory Framework for Distributed Optimization and Games}, 
      author={Guido Carnevale and Nicola Mimmo and Giuseppe Notarstefano},
      year={2025},
      eprint={2401.12623},
      archivePrefix={arXiv},
      primaryClass={math.OC},
      url={https://arxiv.org/abs/2401.12623}, 
}

@ARTICLE{TutorialOnDistributedOptimizationCooperativeRobotics,
  author={Testa, Andrea and Carnevale, Guido and Notarstefano, Giuseppe},
  journal={Proceedings of the IEEE}, 
  title={A Tutorial on Distributed Optimization for Cooperative Robotics: From Setups and Algorithms to Toolboxes and Research Directions}, 
  year={2025},
  volume={113},
  number={1},
  pages={40-65},
  doi={10.1109/JPROC.2025.3557698}}

